<?xml version="1.0" encoding="UTF-8"?><record xmlns="http://www.loc.gov/MARC21/slim" xmlns:cinclude="http://apache.org/cocoon/include/1.0" xmlns:zs="http://www.loc.gov/zing/srw/">
  <leader>00796cz  a2200169n  4500</leader>
  <controlfield tag="001">n  85304403 </controlfield>
  <controlfield tag="003">DLC</controlfield>
  <controlfield tag="005">20130316083436.0</controlfield>
  <controlfield tag="008">860604n| azannaabn          |a ana      </controlfield>
  <datafield tag="010" ind1=" " ind2=" ">
    <subfield code="a">n  85304403 </subfield>
  </datafield>
  <datafield tag="035" ind1=" " ind2=" ">
    <subfield code="a">(OCoLC)oca01613347</subfield>
  </datafield>
  <datafield tag="040" ind1=" " ind2=" ">
    <subfield code="a">DNLM</subfield>
    <subfield code="b">eng</subfield>
    <subfield code="e">rda</subfield>
    <subfield code="c">DLC</subfield>
    <subfield code="d">DLC</subfield>
    <subfield code="d">OCoLC</subfield>
    <subfield code="d">DLC</subfield>
  </datafield>
  <datafield tag="110" ind1="2" ind2=" ">
    <subfield code="a">University of Iowa.</subfield>
    <subfield code="b">Department of Pediatric Dentistry</subfield>
  </datafield>
  <datafield tag="410" ind1="2" ind2=" ">
    <subfield code="a">University of Iowa.</subfield>
    <subfield code="b">College of Dentistry.</subfield>
    <subfield code="b">Department of Pediatric Dentistry</subfield>
  </datafield>
  <datafield tag="410" ind1="2" ind2=" ">
    <subfield code="w">nnea</subfield>
    <subfield code="a">University of Iowa.</subfield>
    <subfield code="b">Dept. of Pediatric Dentistry</subfield>
  </datafield>
  <datafield tag="510" ind1="2" ind2=" ">
    <subfield code="w">r</subfield>
    <subfield code="i">Hierarchical superior:</subfield>
    <subfield code="a">University of Iowa.</subfield>
    <subfield code="b">College of Dentistry</subfield>
  </datafield>
  <datafield tag="670" ind1=" " ind2=" ">
    <subfield code="a">Factors influencing orofacial development in the ill, preterm low-birth-weight, and term neonate, 1984:</subfield>
    <subfield code="b">t.p. (Department of Pediatric Dentistry, College of Dentistry, the University of Iowa)</subfield>
  </datafield>
</record>